@book{hlavac2008,
    author    = "Milan ŠONKA and Václav HLAVÁČ and Roger BOYLE",
    title     = "Image processing, analysis, and machine vision",
    publisher = "Thomson",
    edition   = "Edition 3",
    year      = "2008",
    pages     = "829",
    note      = "ISBN:~0-495-08252-X",
}

@MANUAL{ clopema,
  AUTHOR = {CloPeMa},
  TITLE  = {Clothes Perception and Manipulation},
  NOTE   = {Visited on 2014-03-20, \url{http://clopemaweb.felk.cvut.cz/clothes-perception-and-manipulation-clopema-home/}},
}

@MANUAL{ rosbag,
  AUTHOR = {Mihelich, Patrick and others},
  TITLE  = {ROS: Documentation of rosbag package},
  NOTE   = {Visited on 2014-04-16, \url{http://wiki.ros.org/rosbag}},
}

@MANUAL{ yaskawa,
  AUTHOR = {Yaskawa Motoman Robotics},
  TITLE  = {Datasheet of MA1400 robot},
  NOTE   = {Visited on 2014-04-03, \url{http://www.motoman.com/datasheets/MA1400.pdf}},
}

@inproceedings{quigley2009ros,
  title={ROS: an open-source Robot Operating System},
  author={Quigley, Morgan and Conley, Ken and Gerkey, Brian and Faust, Josh and Foote, Tully and Leibs, Jeremy and Wheeler, Rob and Ng, Andrew Y},
  booktitle={ICRA workshop on open source software},
  volume={3},
  number={3.2},
  year={2009}
}

@article{bender2013adaptive,
  title={Adaptive cloth simulation using corotational finite elements},
  author={Bender, Jan and Deul, Crispin},
  journal={Computers \& Graphics},
  volume={37},
  number={7},
  pages={820--829},
  year={2013},
  publisher={Elsevier}
}

@article{lee2013automatic,
  title={Automatic pose-independent 3D garment fitting},
  author={Lee, Yongjoon and Ma, Jaehwan and Choi, Sunghee},
  journal={Computers \& Graphics},
  volume={37},
  number={7},
  pages={911--922},
  year={2013},
  publisher={Elsevier}
}

@article{xue2013panoramic,
  title={Panoramic Gaussian Mixture Model and large-scale range background substraction method for PTZ camera-based surveillance systems},
  author={Xue, Kang and Liu, Yue and Ogunmakin, Gbolabo and Chen, Jing and Zhang, Jiangen},
  journal={Machine vision and applications},
  volume={24},
  number={3},
  pages={477--492},
  year={2013},
  publisher={Springer}
}

@article{luible2008simulation,
  title={The simulation of cloth using accurate physical parameters},
  author={Luible, Christiane and Magnenat-Thalmann, Nadia},
  journal={CGIM 2008, Insbruck, Austria},
  year={2008}
}

@book{behery2005effect,
  title={Effect of mechanical and physical properties on fabric hand},
  author={Behery, Hassan},
  year={2005},
  publisher={Elsevier}
}

@article{stylios2005new,
  title={New measurement technologies for textiles and clothing},
  author={Stylios, George K},
  journal={International Journal of Clothing Science and Technology},
  volume={17},
  number={3-4},
  pages={3--4},
  year={2005},
  publisher={Emerald Group Publishing Limited}
}

@book{kawabata1982objective,
  title={Objective specification of fabric quality, mechanical properties and performance},
  author={Kawabata, Sueo and Postle, R and Niwa, Masako},
  year={1982},
  publisher={Textile Machinery Society of Japan}
}

@book{stylios1991textile,
  title={Textile objective measurement and automation in garment manufacture},
  author={Stylios, George},
  year={1991},
  publisher={Ellis Horwood Ltd}
}

@article{minazio1995fast,
  title={FAST--fabric assurance by simple testing},
  author={Minazio, Pier Giorgio},
  journal={International Journal of Clothing Science and Technology},
  volume={7},
  number={2/3},
  pages={43--48},
  year={1995},
  publisher={MCB UP Ltd}
}

@inproceedings{bhat2003estimating,
  title={Estimating cloth simulation parameters from video},
  author={Bhat, Kiran S and Twigg, Christopher D and Hodgins, Jessica K and Khosla, Pradeep K and Popovi{\'c}, Zoran and Seitz, Steven M},
  booktitle={Proceedings of the 2003 ACM SIGGRAPH/Eurographics symposium on Computer animation},
  pages={37--51},
  year={2003},
  organization={Eurographics Association}
}

@article{choi2005research,
  title={Research problems in clothing simulation},
  author={Choi, Kwang-Jin and Ko, Hyeong-Seok},
  journal={Computer-Aided Design},
  volume={37},
  number={6},
  pages={585--592},
  year={2005},
  publisher={Elsevier}
}
